@online{FSF-Ph,
author = {FSF},
OPTorganization = {Free Software Foundation},
title = {Filosofía del Proyecto GNU},
year = {2013},
url = {https://www.gnu.org/philosophy/philosophy.html},
}
@online{PSF1,
author = {PSF},
title = {What is Python? Executive Summary},
year = {2016},
url = {https://www.python.org/doc/essays/blurb/},
OPTorganization = {PSF},
OPTdate = {18},
OPTmonth = {7},
OPTurldate = {2016},
}
@book{rae,
author = {Real Academia Española},
title = {Diccionario de la lengua española, ed. XXIII},
year = {2014},
OPTurl = {http://dle.rae.es/},
OPTurldate = {Julio 2016},
}
@book{bicsi-02,
author = {BICSI},
title = {Network Design Basics for Cabling Professionals},
year = {2002},
OPTpublisher = {McGraw-Hill Professional},
OPTisbn = {9780071782968},
}
@manual{rfc1122,
author = {Robert Braden},
title = {RFC 1122},
year = {1989},
OPTurl = {https://tools.ietf.org/html/rfc1122},
OPTurldate = {2016},
}
@online{ITCr,
author = {Roy Trennman \& Maurice Moss},
title = {The Internet},
year = {2009},
url = {https://www.youtube.com/watch?v=iDbyYGrswtg},
}
@online{FSF-talk1,
author = {Richard Stallman},
title = {Charla: Free software, free society: R.Stallman at TEDxGeneva},
year = {2014},
url = {https://www.youtube.com/watch?v=Ag1AKIl_2GM},
}
@online{FSF-talk2,
author = {Richard Stallman},
title = {Conferencia sobre software libre en la universidad de Jaume I},
year = {2013},
url = {https://www.youtube.com/watch?v=5t_EcPTEzh4},
}
@online{gpltranslation,
author = {Alumnado de la asignatura de Software Libre del Máster en Sistemas Telemáticos e Informáticos de la Universidad Rey Juan Carlos},
title = {Traducción de la licencia GPLv3 al español},
year={2013},
url={https://lslspanish.github.io/translation_GPLv3_to_spanish/},
}
@online{cambridge01,
author= {University of Cambridge Computer Laboratory},
title = {A brief informal history of the Computer Laboratory},
year = {2001},
url= {https://www.cl.cam.ac.uk/events/EDSAC99/history.html},
}